@Unpublished{cutTheKnotHanoiAlgorithm,
author = {Alexander Bogomolny},
title = {Tower of Hanoi},
note = {http://www.cut-the-knot.org/recurrence/hanoi.shtml},
OPTkey = {},
OPTmonth = {},
OPTyear = {},
OPTannote = {}
}


@article{hoffmann2001fast,
  title={{The fast-forward planning system}},
  author={Hoffmann, J.},
  journal={AI magazine},
  volume={22},
  number={3},
  year={2001}
}